<?xml version="1.0" encoding="UTF-8"?><collection xmlns="http://www.loc.gov/MARC21/slim"><record><leader>00557nam--2200145-i-4500</leader><controlfield tag="001">000012757</controlfield><controlfield tag="002">20161230</controlfield><controlfield tag="005">20170204191523</controlfield><controlfield tag="008">060222s1000------------r-----000-0-eng-d</controlfield><datafield ind1=" " ind2=" " tag="245"><subfield code="a">Diagnostic radiology and radiotherapy with particular reference to radiation protection in medical instsitutions and hospitals. Sponsored by WHO regional office for Southeast Asia ... nov.30-dec.1. proceedings</subfield></datafield><datafield ind1=" " ind2=" " tag="260"><subfield code="a">Bonbay</subfield><subfield code="b">Bhabha Atomic Research Centre</subfield><subfield code="c">1978</subfield></datafield><datafield ind1=" " ind2=" " tag="300"><subfield code="a">269 p</subfield></datafield><datafield ind1=" " ind2=" " tag="700"><subfield code="a">Das, K. R</subfield></datafield><datafield ind1=" " ind2=" " tag="852"><subfield code="a">615.849(061.3)(540)</subfield></datafield><datafield ind1=" " ind2=" " tag="CAT"><subfield code="a">SYS</subfield><subfield code="c">20170204</subfield><subfield code="h">191523</subfield></datafield></record></collection>